<record><leader>00000cas a22000007a 4500</leader><controlfield tag="001">30598505</controlfield><controlfield tag="008">940613c19939999ctuwr ne      0   a0eng d</controlfield><datafield ind1=" " ind2=" " tag="010"><subfield code="a">sn 94053100 </subfield></datafield><datafield ind1=" " ind2=" " tag="040"><subfield code="a">CNW</subfield><subfield code="b">eng</subfield><subfield code="c">CNW</subfield><subfield code="d">NSD</subfield><subfield code="d">OCLCQ</subfield><subfield code="d">OCLCF</subfield><subfield code="d">OCLCO</subfield></datafield><datafield ind1=" " ind2=" " tag="012"><subfield code="m">0</subfield></datafield><datafield ind1="1" ind2=" " tag="022"><subfield code="a">1081-8391</subfield><subfield code="l">1081-8391</subfield><subfield code="2">1</subfield></datafield><datafield ind1="1" ind2=" " tag="029"><subfield code="a">AU@</subfield><subfield code="b">000025871915</subfield></datafield><datafield ind1=" " ind2=" " tag="037"><subfield code="b">Archer Communications, Inc., 4 Corbin Dr., Darien, CT 06820</subfield></datafield><datafield ind1=" " ind2=" " tag="042"><subfield code="a">msc</subfield><subfield code="a">nsdp</subfield></datafield><datafield ind1=" " ind2=" " tag="043"><subfield code="a">n-us-ct</subfield></datafield><datafield ind1="0" ind2=" " tag="130"><subfield code="a">Darien times (Darien, Conn. : 1993)</subfield></datafield><datafield ind1=" " ind2="0" tag="222"><subfield code="a">Darien times</subfield><subfield code="b">(Darien, Conn. : 1993)</subfield></datafield><datafield ind1="1" ind2="4" tag="245"><subfield code="a">The Darien times.</subfield></datafield><datafield ind1=" " ind2=" " tag="260"><subfield code="a">Darien, CT :</subfield><subfield code="b">Archer Communications</subfield></datafield><datafield ind1=" " ind2=" " tag="300"><subfield code="a">v.</subfield></datafield><datafield ind1=" " ind2=" " tag="310"><subfield code="a">Weekly</subfield></datafield><datafield ind1="0" ind2=" " tag="362"><subfield code="a">Vol. 1, no. 1 (Oct. 21, 1993)-</subfield></datafield><datafield ind1=" " ind2=" " tag="588"><subfield code="a">Latest issue consulted: Janb. 26, 1995.</subfield></datafield><datafield ind1=" " ind2="0" tag="651"><subfield code="a">Darien (Conn.)</subfield><subfield code="v">Newspapers.</subfield></datafield><datafield ind1=" " ind2="7" tag="655"><subfield code="a">Newspapers.</subfield><subfield code="2">fast</subfield><subfield code="0">(OCoLC)fst01423814</subfield></datafield><datafield ind1=" " ind2="7" tag="651"><subfield code="a">Connecticut</subfield><subfield code="z">Darien.</subfield><subfield code="2">fast</subfield><subfield code="0">(OCoLC)fst01205931</subfield></datafield><datafield ind1=" " ind2=" " tag="752"><subfield code="a">United States</subfield><subfield code="b">Connecticut</subfield><subfield code="c">Fairfield</subfield><subfield code="d">Darien.</subfield></datafield></record>